@article{neu2011necrotizing,
	Author = {Neu, Josef and Walker, W Allan},
	Journal = {New England Journal of Medicine},
	Number = {3},
	Pages = {255--264},
	Publisher = {Mass Medical Soc},
	Title = {Necrotizing enterocolitis},
	Volume = {364},
	Year = {2011}}

@article{rees2010national,
	Author = {Rees, Clare M and Eaton, Simon and Pierro, Agostino},
	Journal = {Journal of pediatric surgery},
	Number = {7},
	Pages = {1391--1397},
	Publisher = {Elsevier},
	Title = {National prospective surveillance study of necrotizing enterocolitis in neonatal intensive care units},
	Volume = {45},
	Year = {2010}}

@article{stoll2002late,
  title={Late-onset sepsis in very low birth weight neonates: the experience of the NICHD Neonatal Research Network},
  author={Stoll, Barbara J and Hansen, Nellie and Fanaroff, Avroy A and Wright, Linda L and Carlo, Waldemar A and Ehrenkranz, Richard A and Lemons, James A and Donovan, Edward F and Stark, Ann R and Tyson, Jon E and others},
  journal={Pediatrics},
  volume={110},
  number={2},
  pages={285--291},
  year={2002},
  publisher={Am Acad Pediatrics}
}

@article{stewart2017longitudinal,
  title={Longitudinal development of the gut microbiome and metabolome in preterm neonates with late onset sepsis and healthy controls},
  author={Stewart, Christopher J and Embleton, Nicholas D and Marrs, Emma CL and Smith, Daniel P and Fofanova, Tatiana and Nelson, Andrew and Skeath, Tom and Perry, John D and Petrosino, Joseph F and Berrington, Janet E and others},
  journal={Microbiome},
  volume={5},
  number={1},
  pages={75},
  year={2017},
  publisher={BioMed Central}
}

@article{mai2013distortions,
  title={Distortions in development of intestinal microbiota associated with late onset sepsis in preterm infants},
  author={Mai, Volker and Torrazza, Roberto Murgas and Ukhanova, Maria and Wang, Xiaoyu and Sun, Yijun and Li, Nan and Shuster, Jonathan and Sharma, Renu and Hudak, Mark Lawrence and Neu, Josef},
  journal={PloS one},
  volume={8},
  number={1},
  pages={e52876},
  year={2013},
  publisher={Public Library of Science}
}

@article{moles2013bacterial,
  title={Bacterial diversity in meconium of preterm neonates and evolution of their fecal microbiota during the first month of life},
  author={Moles, Laura and Gomez, Marta and Heilig, Hans and Bustos, Gerardo and Fuentes, Susana and de Vos, Willem and Fern{\'a}ndez, Le{\'o}nides and Rodr{\'\i}guez, Juan M and Jim{\'e}nez, Esther},
  journal={PloS one},
  volume={8},
  number={6},
  pages={e66986},
  year={2013},
  publisher={Public Library of Science}
}
