%% This BibTeX bibliography file was created using BibDesk.
%% https://bibdesk.sourceforge.io/

%% Created for Jiayi Liu at 2019-01-16 14:55:11 -0800


%% Saved with string encoding Unicode (UTF-8)



@article{rozenfeld2001role,
	Author = {Rozenfeld, Ranna A and Liu, Xueli and Deplaen, Isabelle and Hsueh, Wei},
	Journal = {American Journal of Physiology-Gastrointestinal and Liver Physiology},
	Number = {4},
	Pages = {G957--G963},
	Publisher = {American Physiological Society Bethesda, MD},
	Title = {Role of gut flora on intestinal group II phospholipase A2 activity and intestinal injury in shock},
	Volume = {281},
	Year = {2001}}

@article{white2017paneth,
	Author = {White, Jessica R and Gong, Huiyu and Pope, Brock and Schlievert, Patrick and McElroy, Steven J},
	Journal = {Disease models \& mechanisms},
	Pages = {dmm--028589},
	Publisher = {The Company of Biologists Ltd},
	Title = {Paneth cell disruption-induced necrotizing enterocolitis requires live bacteria and occurs independent of TLR4 signaling},
	Year = {2017}}

@article{zhou2015longitudinal,
	Author = {Zhou, Yanjiao and Shan, Gururaj and Sodergren, Erica and Weinstock, George and Walker, W Allan and Gregory, Katherine E},
	Journal = {PloS one},
	Number = {3},
	Pages = {e0118632},
	Publisher = {Public Library of Science},
	Title = {Longitudinal analysis of the premature infant intestinal microbiome prior to necrotizing enterocolitis: a case-control study},
	Volume = {10},
	Year = {2015}}

@article{warner2016gut,
	Author = {Warner, Barbara B and Deych, Elena and Zhou, Yanjiao and Hall-Moore, Carla and Weinstock, George M and Sodergren, Erica and Shaikh, Nurmohammad and Hoffmann, Julie A and Linneman, Laura A and Hamvas, Aaron and others},
	Journal = {The Lancet},
	Number = {10031},
	Pages = {1928--1936},
	Publisher = {Elsevier},
	Title = {Gut bacteria dysbiosis and necrotising enterocolitis in very low birthweight infants: a prospective case-control study},
	Volume = {387},
	Year = {2016}}

@article{langer1999transanal,
	Author = {Langer, Jacob C and Minkes, Robert K and Mazziotti, Mark V and Skinner, Michael A and Winthrop, Andrea L},
	Journal = {Journal of pediatric surgery},
	Number = {1},
	Pages = {148--152},
	Publisher = {Elsevier},
	Title = {Transanal one-stage Soave procedure for infants with Hirschsprung's disease},
	Volume = {34},
	Year = {1999}}

@inproceedings{frykman2012hirschsprung,
	Author = {Frykman, Philip K and Short, Scott S},
	Booktitle = {Seminars in pediatric surgery},
	Number = {4},
	Organization = {Elsevier},
	Pages = {328--335},
	Title = {Hirschsprung-associated enterocolitis: prevention and therapy},
	Volume = {21},
	Year = {2012}}

@inproceedings{austin2012pathogenesis,
	Author = {Austin, Kelly Miller},
	Booktitle = {Seminars in pediatric surgery},
	Number = {4},
	Organization = {Elsevier},
	Pages = {319--327},
	Title = {The pathogenesis of Hirschsprung's disease-associated enterocolitis},
	Volume = {21},
	Year = {2012}}

@article{demehri2013hirschsprung,
	Author = {Demehri, Farokh R and Halaweish, Ihab F and Coran, Arnold G and Teitelbaum, Daniel H},
	Journal = {Pediatric surgery international},
	Number = {9},
	Pages = {873--881},
	Publisher = {Springer},
	Title = {Hirschsprung-associated enterocolitis: pathogenesis, treatment and prevention},
	Volume = {29},
	Year = {2013}}

@article{thomas1986enterocolitis,
	Author = {Thomas, DFM and Fernie, DS and Bayston, R and Spitz, L and Nixon, HH},
	Journal = {Journal of pediatric surgery},
	Number = {1},
	Pages = {22--25},
	Publisher = {Elsevier},
	Title = {Enterocolitis in Hirschsprung's disease: a controlled study of the etiologic role of Clostridium difficile},
	Volume = {21},
	Year = {1986}}

@article{wilson1990microbiological,
	Author = {Wilson-Storey, D and Scobie, WG and McGenity, KG},
	Journal = {Archives of disease in childhood},
	Number = {12},
	Pages = {1338--1339},
	Publisher = {BMJ Publishing Group Ltd},
	Title = {Microbiological studies of the enterocolitis of Hirschsprung's disease.},
	Volume = {65},
	Year = {1990}}

@article{de2010genomics,
	Author = {De Filippo, C and Pini-Prato, A and Mattioli, G and Avanzini, S and Rapuzzi, G and Cavalieri, D and Di Paola, M and Stefanini, I and Ceccherini, I and Mavilio, D and others},
	Journal = {Pediatric surgery international},
	Number = {5},
	Pages = {465--471},
	Publisher = {Springer},
	Title = {Genomics approach to the analysis of bacterial communities dynamics in Hirschsprung's disease-associated enterocolitis: a pilot study},
	Volume = {26},
	Year = {2010}}

@article{yan2014characterization,
	Author = {Yan, Zhilong and Poroyko, Valeriy and Gu, Song and Zhang, Zheng and Pan, Liya and Wang, Jing and Bao, Nan and Hong, Li},
	Journal = {Biochemical and biophysical research communications},
	Number = {2},
	Pages = {269--274},
	Publisher = {Elsevier},
	Title = {Characterization of the intestinal microbiome of Hirschsprung's disease with and without enterocolitis},
	Volume = {445},
	Year = {2014}}

@article{li2016characterization,
	Author = {Li, Yuqing and Poroyko, Valeriy and Yan, Zhilong and Pan, Liya and Feng, Yi and Zhao, Peihua and Xie, Zhoulonglong and Hong, Li},
	Journal = {PloS one},
	Number = {9},
	Pages = {e0162079},
	Publisher = {Public Library of Science},
	Title = {Characterization of Intestinal microbiomes of Hirschsprung's disease patients with or without enterocolitis using Illumina-MiSeq high-throughput sequencing},
	Volume = {11},
	Year = {2016}}

@article{liang2014role,
	Author = {Liang, Jie and Sha, Su Mei and Wu, Kai Chun},
	Journal = {Journal of digestive diseases},
	Number = {12},
	Pages = {641--646},
	Publisher = {Wiley Online Library},
	Title = {Role of the intestinal microbiota and fecal transplantation in inflammatory bowel diseases},
	Volume = {15},
	Year = {2014}}

@article{mosca2016gut,
	Author = {Mosca, Alexis and Leclerc, Marion and Hugot, Jean P},
	Journal = {Frontiers in microbiology},
	Pages = {455},
	Publisher = {Frontiers},
	Title = {Gut microbiota diversity and human diseases: should we reintroduce key predators in our ecosystem?},
	Volume = {7},
	Year = {2016}}

@article{o2017comparative,
	Author = {O'brien, Claire L and Bringer, Marie-Agn{\`e}s and Holt, Kathryn E and Gordon, David M and Dubois, Ana{\"e}lle L and Barnich, Nicolas and Darfeuille-Michaud, Arlette and Pavli, Paul},
	Journal = {Gut},
	Number = {8},
	Pages = {1382--1389},
	Publisher = {BMJ Publishing Group},
	Title = {Comparative genomics of Crohn's disease-associated adherent-invasive Escherichia coli},
	Volume = {66},
	Year = {2017}}

@article{negroni2011characterization,
	Author = {Negroni, Anna and Costanzo, Manuela and Vitali, Roberta and Superti, Fabiana and Bertuccini, Lucia and Tinari, Antonella and Minelli, Fabio and Di Nardo, Giovanni and Nuti, Federica and Pierdomenico, Maria and others},
	Journal = {Inflammatory bowel diseases},
	Number = {5},
	Pages = {913--924},
	Publisher = {Oxford University Press Oxford, UK},
	Title = {Characterization of adherent-invasive Escherichia coli isolated from pediatric patients with inflammatory bowel disease},
	Volume = {18},
	Year = {2011}}

@article{sokol2017fungal,
	Author = {Sokol, Harry and Leducq, Valentin and Aschard, Hugues and Pham, Hang-Phuong and Jegou, Sarah and Landman, Cecilia and Cohen, David and Liguori, Giuseppina and Bourrier, Anne and Nion-Larmurier, Isabelle and others},
	Journal = {Gut},
	Number = {6},
	Pages = {1039--1048},
	Publisher = {BMJ Publishing Group},
	Title = {Fungal microbiota dysbiosis in IBD},
	Volume = {66},
	Year = {2017}}

@article{kinumaki2015characterization,
	Author = {Kinumaki, Akiko and Sekizuka, Tsuyoshi and Hamada, Hiromichi and Kato, Kengo and Yamashita, Akifumi and Kuroda, Makoto},
	Journal = {Frontiers in microbiology},
	Pages = {824},
	Publisher = {Frontiers},
	Title = {Characterization of the gut microbiota of Kawasaki disease patients by metagenomic analysis},
	Volume = {6},
	Year = {2015}}

@article{belizario2015human,
	Author = {Beliz{\'a}rio, Jos{\'e} E and Napolitano, Mauro},
	Journal = {Frontiers in microbiology},
	Pages = {1050},
	Publisher = {Frontiers},
	Title = {Human microbiomes and their roles in dysbiosis, common diseases, and novel therapeutic approaches},
	Volume = {6},
	Year = {2015}}

@article{la2014patterned,
	Author = {La Rosa, Patricio S and Warner, Barbara B and Zhou, Yanjiao and Weinstock, George M and Sodergren, Erica and Hall-Moore, Carla M and Stevens, Harold J and Bennett, William E and Shaikh, Nurmohammad and Linneman, Laura A and others},
	Journal = {Proceedings of the National Academy of Sciences},
	Number = {34},
	Pages = {12522--12527},
	Publisher = {National Acad Sciences},
	Title = {Patterned progression of bacterial populations in the premature infant gut},
	Volume = {111},
	Year = {2014}}

@article{ouwehand2005prebiotics,
	Author = {Ouwehand, Arthur C and Derrien, Muriel and de Vos, Willem and Tiihonen, Kirsti and Rautonen, Nina},
	Journal = {Current opinion in biotechnology},
	Number = {2},
	Pages = {212--217},
	Publisher = {Elsevier},
	Title = {Prebiotics and other microbial substrates for gut functionality},
	Volume = {16},
	Year = {2005}}

@article{penders2006factors,
	Author = {Penders, John and Thijs, Carel and Vink, Cornelis and Stelma, Foekje F and Snijders, Bianca and Kummeling, Ischa and van den Brandt, Piet A and Stobberingh, Ellen E},
	Journal = {Pediatrics},
	Number = {2},
	Pages = {511--521},
	Publisher = {Am Acad Pediatrics},
	Title = {Factors influencing the composition of the intestinal microbiota in early infancy},
	Volume = {118},
	Year = {2006}}

@article{neu2011necrotizing,
	Author = {Neu, Josef and Walker, W Allan},
	Journal = {New England Journal of Medicine},
	Number = {3},
	Pages = {255--264},
	Publisher = {Mass Medical Soc},
	Title = {Necrotizing enterocolitis},
	Volume = {364},
	Year = {2011}}

@article{hallstrom2006laboratory,
	Author = {H{\"a}llstr{\"o}m, Minna and Koivisto, Anna-Maija and Janas, Martii and Tammela, Outi},
	Journal = {Journal of pediatric surgery},
	Number = {4},
	Pages = {792--798},
	Publisher = {Elsevier},
	Title = {Laboratory parameters predictive of developing necrotizing enterocolitis in infants born before 33 weeks of gestation},
	Volume = {41},
	Year = {2006}}

@article{walsh1988necrotizing,
	Author = {Walsh, MC and Kliegman, RM and Fanaroff, AA},
	Journal = {Pediatrics in Review},
	Number = {7},
	Pages = {219--226},
	Publisher = {American Academy of Pediatrics},
	Title = {Necrotizing enterocolitis: a practitioner's perspective.},
	Volume = {9},
	Year = {1988}}

@article{yu1980improving,
	Author = {Yu, VY and Hollingsworth, E},
	Journal = {Archives of disease in childhood},
	Number = {6},
	Pages = {422--426},
	Publisher = {BMJ Publishing Group Ltd},
	Title = {Improving prognosis for infants weighing 1000 g or less at birth.},
	Volume = {55},
	Year = {1980}}

@article{kliegman1984necrotizing,
	Author = {Kliegman, RM and Fanaroff, AA},
	Journal = {New England Journal of Medicine},
	Number = {17},
	Pages = {1093--1103},
	Publisher = {Mass Medical Soc},
	Title = {Necrotizing enterocolitis},
	Volume = {310},
	Year = {1984}}

@article{zani2015scavenger,
	Author = {Zani, Izma Abdul and Stephen, Sam L and Mughal, Nadeem A and Russell, David and Homer-Vanniasinkam, Shervanthi and Wheatcroft, Stephen B and Ponnambalam, Sreenivasan},
	Journal = {Cells},
	Number = {2},
	Pages = {178--201},
	Publisher = {Multidisciplinary Digital Publishing Institute},
	Title = {Scavenger receptor structure and function in health and disease},
	Volume = {4},
	Year = {2015}}

@article{pickard2009short,
	Author = {Pickard, Sarah S and Feinstein, Jeffrey A and Popat, Rita A and Huang, Lyen and Dutta, Sanjeev},
	Journal = {Pediatrics},
	Number = {5},
	Pages = {e901--e906},
	Publisher = {Am Acad Pediatrics},
	Title = {Short-and long-term outcomes of necrotizing enterocolitis in infants with congenital heart disease},
	Volume = {123},
	Year = {2009}}

@article{kawase2006gastrointestinal,
	Author = {Kawase, Yasuhiro and Ishii, Tetsuya and Arai, Hiroko and Uga, Naoki},
	Journal = {Pediatrics International},
	Number = {6},
	Pages = {599--603},
	Publisher = {Wiley Online Library},
	Title = {Gastrointestinal perforation in very low-birthweight infants},
	Volume = {48},
	Year = {2006}}

@article{stoll2015trends,
	Author = {Stoll, Barbara J and Hansen, Nellie I and Bell, Edward F and Walsh, Michele C and Carlo, Waldemar A and Shankaran, Seetha and Laptook, Abbot R and S{\'a}nchez, Pablo J and Van Meurs, Krisa P and Wyckoff, Myra and others},
	Journal = {Jama},
	Number = {10},
	Pages = {1039--1051},
	Publisher = {American Medical Association},
	Title = {Trends in care practices, morbidity, and mortality of extremely preterm neonates, 1993-2012},
	Volume = {314},
	Year = {2015}}

@article{haberling2009infant,
	Author = {Haberling, Dana L and Holman, Robert C and Paddock, Christopher D and Murphy, Trudy V},
	Journal = {The Pediatric infectious disease journal},
	Number = {3},
	Pages = {194--198},
	Publisher = {LWW},
	Title = {Infant and maternal risk factors for pertussis-related infant mortality in the United States, 1999 to 2004},
	Volume = {28},
	Year = {2009}}

@article{rees2010national,
	Author = {Rees, Clare M and Eaton, Simon and Pierro, Agostino},
	Journal = {Journal of pediatric surgery},
	Number = {7},
	Pages = {1391--1397},
	Publisher = {Elsevier},
	Title = {National prospective surveillance study of necrotizing enterocolitis in neonatal intensive care units},
	Volume = {45},
	Year = {2010}}

@article{yee2012incidence,
	Author = {Yee, Wendy H and Soraisham, Amuchou Singh and Shah, Vibhuti S and Aziz, Khalid and Yoon, Woojin and Lee, Shoo K and Canadian Neonatal Network and others},
	Journal = {Pediatrics},
	Pages = {peds--2011},
	Publisher = {Am Acad Pediatrics},
	Title = {Incidence and timing of presentation of necrotizing enterocolitis in preterm infants},
	Year = {2012}}

@article{good2015breast,
	Author = {Good, Misty and Sodhi, Chhinder P and Egan, Charlotte E and Afrazi, Amin and Jia, Hongpeng and Yamaguchi, Yukihiro and Lu, Peng and Branca, Maria F and Ma, Congrong and Prindle Jr, Thomas and others},
	Journal = {Mucosal immunology},
	Number = {5},
	Pages = {1166},
	Publisher = {Nature Publishing Group},
	Title = {Breast milk protects against the development of necrotizing enterocolitis through inhibition of Toll-like receptor 4 in the intestinal epithelium via activation of the epidermal growth factor receptor},
	Volume = {8},
	Year = {2015}}

@article{miller1990casein,
	Author = {Miller, Mark JS and Witherly, Steven A and Clark, David A},
	Journal = {Proceedings of the Society for Experimental Biology and Medicine},
	Number = {2},
	Pages = {143--159},
	Publisher = {SAGE Publications Sage UK: London, England},
	Title = {Casein: a milk protein with diverse biologic consequences},
	Volume = {195},
	Year = {1990}}

@article{de2004early,
	Author = {de la Cocheti{\`e}re, Marie-France and Piloquet, Hugues and des Robert, Clotilde and Darmaun, Dominique and Galmiche, Jean-Paul and Roz{\'e}, Jean-Christophe},
	Journal = {Pediatric research},
	Number = {3},
	Pages = {366},
	Publisher = {Nature Publishing Group},
	Title = {Early intestinal bacterial colonization and necrotizing enterocolitis in premature infants: the putative role of Clostridium},
	Volume = {56},
	Year = {2004}}

@article{hodzic2017role,
	Author = {Hodzic, Zerina and Bolock, Alexa M and Good, Misty},
	Journal = {Frontiers in pediatrics},
	Pages = {40},
	Publisher = {Frontiers},
	Title = {The role of mucosal immunity in the pathogenesis of necrotizing enterocolitis},
	Volume = {5},
	Year = {2017}}

@inproceedings{denning2017pathogenesis,
	Author = {Denning, Timothy L and Bhatia, Amina M and Kane, Andrea F and Patel, Ravi M and Denning, Patricia W},
	Booktitle = {Seminars in perinatology},
	Number = {1},
	Organization = {Elsevier},
	Pages = {15--28},
	Title = {Pathogenesis of NEC: Role of the innate and adaptive immune response},
	Volume = {41},
	Year = {2017}}

@article{collier2005innate,
	Author = {Collier-Hyams, LS and Neish, AS},
	Journal = {Cell Mol Life Sci},
	Number = {12},
	Pages = {1339--48},
	Publisher = {Springer},
	Title = {Innate immune relationship between commensal flora and the mammalian intestinal epithelium},
	Volume = {62},
	Year = {2005}}

@article{ni2017gut,
	Author = {Ni, Josephine and Wu, Gary D and Albenberg, Lindsey and Tomov, Vesselin T},
	Journal = {Nature reviews Gastroenterology \& hepatology},
	Number = {10},
	Pages = {573},
	Publisher = {Nature Publishing Group},
	Title = {Gut microbiota and IBD: causation or correlation?},
	Volume = {14},
	Year = {2017}}

@article{harsch2018role,
	Author = {Harsch, Igor and Konturek, Peter},
	Journal = {Medical Sciences},
	Number = {2},
	Pages = {32},
	Publisher = {Multidisciplinary Digital Publishing Institute},
	Title = {The role of gut microbiota in obesity and Type 2 and Type 1 diabetes mellitus: new insights into ``old'' diseases},
	Volume = {6},
	Year = {2018}}

@article{beach2018machine,
	Author = {Beach, Matthew JS and Golubeva, Anna and Melko, Roger G},
	Journal = {Physical Review B},
	Number = {4},
	Pages = {045207},
	Publisher = {APS},
	Title = {Machine learning vortices at the Kosterlitz-Thouless transition},
	Volume = {97},
	Year = {2018}}

@article{de2014altered,
	Author = {de Theije, Caroline GM and Wopereis, Harm and Ramadan, Mohamed and van Eijndthoven, Tiemen and Lambert, Jolanda and Knol, Jan and Garssen, Johan and Kraneveld, Aletta D and Oozeer, Raish},
	Journal = {Brain, behavior, and immunity},
	Pages = {197--206},
	Publisher = {Elsevier},
	Title = {Altered gut microbiota and activity in a murine model of autism spectrum disorders},
	Volume = {37},
	Year = {2014}}

@article{de2013fecal,
	Author = {De Angelis, Maria and Piccolo, Maria and Vannini, Lucia and Siragusa, Sonya and De Giacomo, Andrea and Serrazzanetti, Diana Isabella and Cristofori, Fernanda and Guerzoni, Maria Elisabetta and Gobbetti, Marco and Francavilla, Ruggiero},
	Journal = {PloS one},
	Number = {10},
	Pages = {e76993},
	Publisher = {Public Library of Science},
	Title = {Fecal microbiota and metabolome of children with autism and pervasive developmental disorder not otherwise specified},
	Volume = {8},
	Year = {2013}}

@article{hooper2001commensal,
	Author = {Hooper, Lora V and Gordon, Jeffrey I},
	Journal = {Science},
	Number = {5519},
	Pages = {1115--1118},
	Publisher = {American Association for the Advancement of Science},
	Title = {Commensal host-bacterial relationships in the gut},
	Volume = {292},
	Year = {2001}}

@article{rakoff2004recognition,
	Author = {Rakoff-Nahoum, Seth and Paglino, Justin and Eslami-Varzaneh, Fatima and Edberg, Stephen and Medzhitov, Ruslan},
	Journal = {Cell},
	Number = {2},
	Pages = {229--241},
	Publisher = {Elsevier},
	Title = {Recognition of commensal microflora by toll-like receptors is required for intestinal homeostasis},
	Volume = {118},
	Year = {2004}}

@article{guarner2006mechanisms,
	Author = {Guarner, Francisco and Bourdet-Sicard, Rapha{\"e}lle and Brandtzaeg, Per and Gill, Harsharnjit S and McGuirk, Peter and Van Eden, Willem and Versalovic, James and Weinstock, Joel V and Rook, Graham AW},
	Journal = {Nature Reviews Gastroenterology and Hepatology},
	Number = {5},
	Pages = {275},
	Publisher = {Nature Publishing Group},
	Title = {Mechanisms of disease: the hygiene hypothesis revisited},
	Volume = {3},
	Year = {2006}}

@article{round2009gut,
	Author = {Round, June L and Mazmanian, Sarkis K},
	Journal = {Nature reviews immunology},
	Number = {5},
	Pages = {313},
	Publisher = {Nature Publishing Group},
	Title = {The gut microbiota shapes intestinal immune responses during health and disease},
	Volume = {9},
	Year = {2009}}

@article{abreu2010toll,
	Author = {Abreu, Maria T},
	Journal = {Nature Reviews Immunology},
	Number = {2},
	Pages = {131},
	Publisher = {Nature Publishing Group},
	Title = {Toll-like receptor signalling in the intestinal epithelium: how bacterial recognition shapes intestinal function},
	Volume = {10},
	Year = {2010}}

@article{ardissone2014meconium,
	Author = {Ardissone, Alexandria N and Diomel, M and Davis-Richardson, Austin G and Rechcigl, Kevin T and Li, Nan and Drew, Jennifer C and Murgas-Torrazza, Roberto and Sharma, Renu and Hudak, Mark L and Triplett, Eric W and others},
	Journal = {PloS one},
	Number = {3},
	Pages = {e90784},
	Publisher = {Public Library of Science},
	Title = {Meconium microbiome analysis identifies bacteria correlated with premature birth},
	Volume = {9},
	Year = {2014}}

@article{lohmann2014airway,
	Author = {Lohmann, Pablo and Luna, Ruth A and Hollister, Emily B and Devaraj, Sridevi and Mistretta, Toni-Ann and Welty, Stephen E and Versalovic, James},
	Journal = {Pediatric research},
	Number = {3},
	Pages = {294},
	Publisher = {Nature Publishing Group},
	Title = {The airway microbiome of intubated premature infants: characteristics and changes that predict the development of bronchopulmonary dysplasia},
	Volume = {76},
	Year = {2014}}

@misc{pennisi2014our,
	Author = {Pennisi, Elizabeth},
	Publisher = {American Association for the Advancement of Science},
	Title = {Our egalitarian eden},
	Year = {2014}}

@article{backhed2005host,
	Author = {B{\"a}ckhed, Fredrik and Ley, Ruth E and Sonnenburg, Justin L and Peterson, Daniel A and Gordon, Jeffrey I},
	Journal = {science},
	Number = {5717},
	Pages = {1915--1920},
	Publisher = {American Association for the Advancement of Science},
	Title = {Host-bacterial mutualism in the human intestine},
	Volume = {307},
	Year = {2005}}

@misc{aagaard2014placenta,
	Author = {Aagaard, K and Ma, J and Antony, KM and Ganu, R and Petrosino, J and Versalovic, J},
	Title = {The placenta harbors a unique microbiome. Sci Transl Med 6: 237ra65},
	Year = {2014}}

@article{thomas1982association,
  title={Association between Clostridium difficile and enterocolitis in Hirschsprung's disease},
  author={Thomas, DFM and Malone, M and Fernie, DS and Bayston, R and Spitz, L},
  journal={The Lancet},
  volume={319},
  number={8263},
  pages={78--79},
  year={1982},
  publisher={Elsevier}
}
