%% This BibTeX bibliography file was created using BibDesk.
%% https://bibdesk.sourceforge.io/

%% Created for Jiayi Liu at 2019-01-16 12:39:29 -0800 


%% Saved with string encoding Unicode (UTF-8) 



@article{collier2005innate,
	Author = {Collier-Hyams, LS and Neish, AS},
	Journal = {Cell Mol Life Sci},
	Number = {12},
	Pages = {1339--48},
	Publisher = {Springer},
	Title = {Innate immune relationship between commensal flora and the mammalian intestinal epithelium},
	Volume = {62},
	Year = {2005}}

@article{ni2017gut,
	Author = {Ni, Josephine and Wu, Gary D and Albenberg, Lindsey and Tomov, Vesselin T},
	Journal = {Nature reviews Gastroenterology \& hepatology},
	Number = {10},
	Pages = {573},
	Publisher = {Nature Publishing Group},
	Title = {Gut microbiota and IBD: causation or correlation?},
	Volume = {14},
	Year = {2017}}

@article{harsch2018role,
	Author = {Harsch, Igor and Konturek, Peter},
	Journal = {Medical Sciences},
	Number = {2},
	Pages = {32},
	Publisher = {Multidisciplinary Digital Publishing Institute},
	Title = {The role of gut microbiota in obesity and Type 2 and Type 1 diabetes mellitus: new insights into ``old'' diseases},
	Volume = {6},
	Year = {2018}}

@article{beach2018machine,
	Author = {Beach, Matthew JS and Golubeva, Anna and Melko, Roger G},
	Journal = {Physical Review B},
	Number = {4},
	Pages = {045207},
	Publisher = {APS},
	Title = {Machine learning vortices at the Kosterlitz-Thouless transition},
	Volume = {97},
	Year = {2018}}

@article{de2014altered,
	Author = {de Theije, Caroline GM and Wopereis, Harm and Ramadan, Mohamed and van Eijndthoven, Tiemen and Lambert, Jolanda and Knol, Jan and Garssen, Johan and Kraneveld, Aletta D and Oozeer, Raish},
	Journal = {Brain, behavior, and immunity},
	Pages = {197--206},
	Publisher = {Elsevier},
	Title = {Altered gut microbiota and activity in a murine model of autism spectrum disorders},
	Volume = {37},
	Year = {2014}}

@article{de2013fecal,
	Author = {De Angelis, Maria and Piccolo, Maria and Vannini, Lucia and Siragusa, Sonya and De Giacomo, Andrea and Serrazzanetti, Diana Isabella and Cristofori, Fernanda and Guerzoni, Maria Elisabetta and Gobbetti, Marco and Francavilla, Ruggiero},
	Journal = {PloS one},
	Number = {10},
	Pages = {e76993},
	Publisher = {Public Library of Science},
	Title = {Fecal microbiota and metabolome of children with autism and pervasive developmental disorder not otherwise specified},
	Volume = {8},
	Year = {2013}}

@article{hooper2001commensal,
	Author = {Hooper, Lora V and Gordon, Jeffrey I},
	Journal = {Science},
	Number = {5519},
	Pages = {1115--1118},
	Publisher = {American Association for the Advancement of Science},
	Title = {Commensal host-bacterial relationships in the gut},
	Volume = {292},
	Year = {2001}}

@article{rakoff2004recognition,
	Author = {Rakoff-Nahoum, Seth and Paglino, Justin and Eslami-Varzaneh, Fatima and Edberg, Stephen and Medzhitov, Ruslan},
	Journal = {Cell},
	Number = {2},
	Pages = {229--241},
	Publisher = {Elsevier},
	Title = {Recognition of commensal microflora by toll-like receptors is required for intestinal homeostasis},
	Volume = {118},
	Year = {2004}}

@article{guarner2006mechanisms,
	Author = {Guarner, Francisco and Bourdet-Sicard, Rapha{\"e}lle and Brandtzaeg, Per and Gill, Harsharnjit S and McGuirk, Peter and Van Eden, Willem and Versalovic, James and Weinstock, Joel V and Rook, Graham AW},
	Journal = {Nature Reviews Gastroenterology and Hepatology},
	Number = {5},
	Pages = {275},
	Publisher = {Nature Publishing Group},
	Title = {Mechanisms of disease: the hygiene hypothesis revisited},
	Volume = {3},
	Year = {2006}}

@article{round2009gut,
	Author = {Round, June L and Mazmanian, Sarkis K},
	Journal = {Nature reviews immunology},
	Number = {5},
	Pages = {313},
	Publisher = {Nature Publishing Group},
	Title = {The gut microbiota shapes intestinal immune responses during health and disease},
	Volume = {9},
	Year = {2009}}

@article{abreu2010toll,
	Author = {Abreu, Maria T},
	Journal = {Nature Reviews Immunology},
	Number = {2},
	Pages = {131},
	Publisher = {Nature Publishing Group},
	Title = {Toll-like receptor signalling in the intestinal epithelium: how bacterial recognition shapes intestinal function},
	Volume = {10},
	Year = {2010}}

@article{ardissone2014meconium,
	Author = {Ardissone, Alexandria N and Diomel, M and Davis-Richardson, Austin G and Rechcigl, Kevin T and Li, Nan and Drew, Jennifer C and Murgas-Torrazza, Roberto and Sharma, Renu and Hudak, Mark L and Triplett, Eric W and others},
	Journal = {PloS one},
	Number = {3},
	Pages = {e90784},
	Publisher = {Public Library of Science},
	Title = {Meconium microbiome analysis identifies bacteria correlated with premature birth},
	Volume = {9},
	Year = {2014}}

@article{lohmann2014airway,
	Author = {Lohmann, Pablo and Luna, Ruth A and Hollister, Emily B and Devaraj, Sridevi and Mistretta, Toni-Ann and Welty, Stephen E and Versalovic, James},
	Journal = {Pediatric research},
	Number = {3},
	Pages = {294},
	Publisher = {Nature Publishing Group},
	Title = {The airway microbiome of intubated premature infants: characteristics and changes that predict the development of bronchopulmonary dysplasia},
	Volume = {76},
	Year = {2014}}

@misc{pennisi2014our,
	Author = {Pennisi, Elizabeth},
	Publisher = {American Association for the Advancement of Science},
	Title = {Our egalitarian eden},
	Year = {2014}}
